% Encoding: UTF-8

@InProceedings{samanta14,
  author    = {Thomas A. Henzinger and Jan Otop and Roopsha Samanta},
  title     = {{Lipschitz Robustness of Finite-state Transducers}},
  booktitle = {34th International Conference on Foundation of Software Technology and Theoretical Computer Science (FSTTCS 2014)},
  year      = {2014},
  editor    = {Venkatesh Raman and S. P. Suresh},
  volume    = {29},
  series    = {Leibniz International Proceedings in Informatics (LIPIcs)},
  publisher = {Schloss Dagstuhl--Leibniz-Zentrum fuer Informatik},
  isbn      = {978-3-939897-77-4},
  pages     = {431--443},
  doi       = {10.4230/LIPIcs.FSTTCS.2014.431},
  url       = {http://drops.dagstuhl.de/opus/volltexte/2014/4861},
  address   = {Dagstuhl, Germany},
  annote    = {Keywords: Robustness, Transducers, Weighted Automata},
  issn      = {1868-8969},
  urn       = {urn:nbn:de:0030-drops-48614},
}

@InProceedings{chaudhuri10,
  author    = {Chaudhuri, Swarat and Gulwani, Sumit and Lublinerman, Roberto},
  title     = {Continuity Analysis of Programs},
  booktitle = {Proceedings of the 37th Annual ACM SIGPLAN-SIGACT Symposium on Principles of Programming Languages},
  year      = {2010},
  series    = {POPL '10},
  publisher = {ACM},
  location  = {Madrid, Spain},
  isbn      = {978-1-60558-479-9},
  pages     = {57--70},
  doi       = {10.1145/1706299.1706308},
  url       = {http://doi.acm.org.ezproxy.lib.purdue.edu/10.1145/1706299.1706308},
  acmid     = {1706308},
  address   = {New York, NY, USA},
  keywords  = {continuity, errors, perturbations, program analysis, proof rules, robustness, sensitivity, stability, uncertainty},
  numpages  = {14},
}

@InProceedings{chaudhuri11,
  author    = {Chaudhuri, Swarat and Gulwani, Sumit and Lublinerman, Roberto and Navidpour, Sara},
  title     = {Proving Programs Robust},
  booktitle = {Proceedings of the 19th ACM SIGSOFT Symposium and the 13th European Conference on Foundations of Software Engineering},
  year      = {2011},
  series    = {ESEC/FSE '11},
  publisher = {ACM},
  location  = {Szeged, Hungary},
  isbn      = {978-1-4503-0443-6},
  pages     = {102--112},
  doi       = {10.1145/2025113.2025131},
  url       = {http://doi.acm.org.ezproxy.lib.purdue.edu/10.1145/2025113.2025131},
  acmid     = {2025131},
  address   = {New York, NY, USA},
  keywords  = {continuity, lipschitz, perturbations, program approximation, quantitative program analysis, robustness, sensitivity, uncertainty},
  numpages  = {11},
}

@InProceedings{sousa16,
  author    = {Sousa, Marcelo and Dillig, Isil},
  title     = {Cartesian Hoare Logic for Verifying K-safety Properties},
  booktitle = {Proceedings of the 37th ACM SIGPLAN Conference on Programming Language Design and Implementation},
  year      = {2016},
  series    = {PLDI '16},
  publisher = {ACM},
  location  = {Santa Barbara, CA, USA},
  isbn      = {978-1-4503-4261-2},
  pages     = {57--69},
  doi       = {10.1145/2908080.2908092},
  url       = {http://doi.acm.org.ezproxy.lib.purdue.edu/10.1145/2908080.2908092},
  acmid     = {2908092},
  address   = {New York, NY, USA},
  keywords  = {Relational hoare logic, automated verification, product programs, safety hyper-properties},
  numpages  = {13},
}

@InProceedings{pettersson96,
  author    = {S. Pettersson and B. Lennartson},
  title     = {Stability and robustness for hybrid systems},
  booktitle = {Proceedings of 35th IEEE Conference on Decision and Control},
  year      = {1996},
  volume    = {2},
  month     = {Dec},
  pages     = {1202-1207 vol.2},
  doi       = {10.1109/CDC.1996.572653},
  issn      = {0191-2216},
  keywords  = {Lyapunov methods;matrix algebra;robust control;stability criteria;classical Lyapunov theory;hybrid systems;linear matrix inequality problem;robustness;stability conditions;Control engineering;Energy measurement;Linear matrix inequalities;Lyapunov method;Nonlinear systems;Robust control;Robust stability;Robustness;Switched systems;Switches},
}

@Article{zapponi03,
  author   = {Leonardo Zapponi},
  title    = {What is {$\ldots$} a Dessin d'Enfant?},
  journal  = {Notices Amer. Math. Soc.},
  year     = {2003},
  volume   = {50},
  number   = {7},
  pages    = {788-789},
  issn     = {0002-9920},
  fjournal = {Notices of the American Mathematical Society},
}

@Article{chaudhuri12,
  author     = {Chaudhuri, Swarat and Gulwani, Sumit and Lublinerman, Roberto},
  title      = {Continuity and Robustness of Programs},
  journal    = {Commun. ACM},
  year       = {2012},
  volume     = {55},
  number     = {8},
  month      = aug,
  pages      = {107--115},
  issn       = {0001-0782},
  doi        = {10.1145/2240236.2240262},
  url        = {http://doi.acm.org.ezproxy.lib.purdue.edu/10.1145/2240236.2240262},
  acmid      = {2240262},
  address    = {New York, NY, USA},
  issue_date = {August 2012},
  numpages   = {9},
  publisher  = {ACM},
}

@InProceedings{terauchi05,
  author    = {Terauchi, Tachio and Aiken, Alex},
  title     = {Secure Information Flow as a Safety Problem},
  booktitle = {Static Analysis: 12th International Symposium, SAS 2005, London, UK, September 7-9, 2005. Proceedings},
  year      = {2005},
  editor    = {Hankin, Chris and Siveroni, Igor},
  publisher = {Springer Berlin Heidelberg},
  isbn      = {978-3-540-31971-9},
  pages     = {352--367},
  doi       = {10.1007/11547662_24},
  url       = {https://doi.org/10.1007/11547662_24},
  address   = {Berlin, Heidelberg},
}

@InProceedings{clarkson08,
  author    = {M. R. Clarkson and F. B. Schneider},
  title     = {Hyperproperties},
  booktitle = {2008 21st IEEE Computer Security Foundations Symposium},
  year      = {2008},
  month     = {June},
  pages     = {51-65},
  doi       = {10.1109/CSF.2008.7},
  issn      = {1063-6900},
  keywords  = {Computer science;Computer security;Delay effects;Information security;Safety;Topology;Writing;Security policies;liveness;safety},
}

@InProceedings{hamlet02,
  author    = {Hamlet, Dick},
  title     = {Continuity in Software Systems},
  booktitle = {Proceedings of the 2002 ACM SIGSOFT International Symposium on Software Testing and Analysis},
  year      = {2002},
  series    = {ISSTA '02},
  publisher = {ACM},
  location  = {Roma, Italy},
  isbn      = {1-58113-562-9},
  pages     = {196--200},
  doi       = {10.1145/566172.566203},
  url       = {http://doi.acm.org.ezproxy.lib.purdue.edu/10.1145/566172.566203},
  acmid     = {566203},
  address   = {New York, NY, USA},
  numpages  = {5},
}

@InProceedings{samanta13,
  author    = {Samanta, Roopsha and Deshmukh, Jyotirmoy V. and Chaudhuri, Swarat},
  title     = {Robustness Analysis of String Transducers},
  booktitle = {Automated Technology for Verification and Analysis: 11th International Symposium, ATVA 2013, Hanoi, Vietnam, October 15-18, 2013. Proceedings},
  year      = {2013},
  editor    = {Van Hung, Dang and Ogawa, Mizuhito},
  publisher = {Springer International Publishing},
  isbn      = {978-3-319-02444-8},
  pages     = {427--441},
  doi       = {10.1007/978-3-319-02444-8_30},
  url       = {https://doi.org/10.1007/978-3-319-02444-8_30},
  address   = {Cham},
}

@InProceedings{majumdar09,
  author    = {R. Majumdar and I. Saha},
  title     = {Symbolic Robustness Analysis},
  booktitle = {2009 30th IEEE Real-Time Systems Symposium},
  year      = {2009},
  month     = {Dec},
  pages     = {355-363},
  doi       = {10.1109/RTSS.2009.17},
  issn      = {1052-8725},
  keywords  = {robust control;software engineering;Splat test generation tool;automotive control code;continuous control design algorithms;control software implementation;nonlinear optimization;robustness;symbolic execution;Algorithm design and analysis;Automotive engineering;Control design;Control systems;Robust control;Robustness;Software algorithms;Software maintenance;Software tools;Testing;Symbolic execution;continuity;robustness analysis;software testing},
}

@InProceedings{samanta13a,
  author    = {Samanta, Roopsha and Deshmukh, Jyotirmoy V. and Chaudhuri, Swarat},
  title     = {Robustness Analysis of Networked Systems},
  booktitle = {Verification, Model Checking, and Abstract Interpretation: 14th International Conference, VMCAI 2013, Rome, Italy, January 20-22, 2013. Proceedings},
  year      = {2013},
  editor    = {Giacobazzi, Roberto and Berdine, Josh and Mastroeni, Isabella},
  publisher = {Springer Berlin Heidelberg},
  isbn      = {978-3-642-35873-9},
  pages     = {229--247},
  doi       = {10.1007/978-3-642-35873-9_15},
  url       = {https://doi.org/10.1007/978-3-642-35873-9_15},
  address   = {Berlin, Heidelberg},
}

@Book{dummitfoote,
  author    = {David S. Dummit and Richard M. Foote},
  title     = {Abstract Algebra},
  year      = {2004},
  edition   = {3rd},
  publisher = {John Wiley \& Sons},
  isbn      = {9780471433347},
  pagetotal = {932},
}

@InProceedings{solar06,
  author    = {Solar-Lezama, Armando and Tancau, Liviu and Bodik, Rastislav and Seshia, Sanjit and Saraswat, Vijay},
  title     = {Combinatorial Sketching for Finite Programs},
  booktitle = {Proceedings of the 12th International Conference on Architectural Support for Programming Languages and Operating Systems},
  year      = {2006},
  series    = {ASPLOS XII},
  publisher = {ACM},
  location  = {San Jose, California, USA},
  isbn      = {1-59593-451-0},
  pages     = {404--415},
  doi       = {10.1145/1168857.1168907},
  url       = {http://doi.acm.org.ezproxy.lib.purdue.edu/10.1145/1168857.1168907},
  acmid     = {1168907},
  address   = {New York, NY, USA},
  keywords  = {SAT, sketching},
  numpages  = {12},
}

@InProceedings{barthecomposition,
  author    = {Barthe, G. and D'Argenio, P.R. and Rezk, T.},
  title     = {Secure information flow by self-composition},
  year      = {2004},
  volume    = {17},
  pages     = {100--114},
  copyright = {Copyright 2008 Elsevier B.V., All rights reserved.},
  issn      = {10636900},
  booktitle   = {Proceedings of the Computer Security Foundations Workshop},
}

@Article{bartheprivacy,
  author     = {Barthe, Gilles and K\"{o}pf, Boris and Olmedo, Federico and Zanella-B{\'e}guelin, Santiago},
  title      = {Probabilistic Relational Reasoning for Differential Privacy},
  journal    = {ACM Trans. Program. Lang. Syst.},
  year       = {2013},
  volume     = {35},
  number     = {3},
  month      = nov,
  pages      = {9:1--9:49},
  issn       = {0164-0925},
  doi        = {10.1145/2492061},
  url        = {http://doi.acm.org.ezproxy.lib.purdue.edu/10.1145/2492061},
  acmid      = {2492061},
  address    = {New York, NY, USA},
  articleno  = {9},
  issue_date = {November 2013},
  keywords   = {Coq proof assistant, differential privacy, relational Hoare logic},
  numpages   = {49},
  publisher  = {ACM},
}

@InProceedings{barthecrypto,
  author    = {Barthe, Gilles and Gr{\'e}goire, Benjamin and Zanella B{\'e}guelin, Santiago},
  title     = {Formal Certification of Code-based Cryptographic Proofs},
  booktitle = {Proceedings of the 36th Annual ACM SIGPLAN-SIGACT Symposium on Principles of Programming Languages},
  year      = {2009},
  series    = {POPL '09},
  publisher = {ACM},
  location  = {Savannah, GA, USA},
  isbn      = {978-1-60558-379-2},
  pages     = {90--101},
  doi       = {10.1145/1480881.1480894},
  url       = {http://doi.acm.org.ezproxy.lib.purdue.edu/10.1145/1480881.1480894},
  acmid     = {1480894},
  address   = {New York, NY, USA},
  keywords  = {coq proof assistant, cryptographic proofs, observational equivalence, program transformations, relational hoare logic},
  numpages  = {12},
}

@InProceedings{benton,
  author    = {Benton, Nick},
  title     = {Simple Relational Correctness Proofs for Static Analyses and Program Transformations},
  booktitle = {Proceedings of the 31st ACM SIGPLAN-SIGACT Symposium on Principles of Programming Languages},
  year      = {2004},
  series    = {POPL '04},
  publisher = {ACM},
  location  = {Venice, Italy},
  isbn      = {1-58113-729-X},
  pages     = {14--25},
  doi       = {10.1145/964001.964003},
  url       = {http://doi.acm.org.ezproxy.lib.purdue.edu/10.1145/964001.964003},
  acmid     = {964003},
  address   = {New York, NY, USA},
  keywords  = {Hoare logic, denotational semantics, dependency, information flow, optimizing compilation, partial equivalence relations, program analysis, security, types},
  numpages  = {12},
}

@InProceedings{bartheanalysis,
  author    = {Barthe, Gilles and Crespo, Juan Manuel and Kunz, C{\'e}sar},
  title     = {Relational Verification Using Product Programs},
  booktitle = {FM 2011: Formal Methods: 17th International Symposium on Formal Methods, Limerick, Ireland, June 20-24, 2011. Proceedings},
  year      = {2011},
  editor    = {Butler, Michael and Schulte, Wolfram},
  publisher = {Springer Berlin Heidelberg},
  isbn      = {978-3-642-21437-0},
  pages     = {200--214},
  doi       = {10.1007/978-3-642-21437-0_17},
  url       = {https://doi.org/10.1007/978-3-642-21437-0_17},
  address   = {Berlin, Heidelberg},
}

@Article{bartheproduct,
  author  = {Gilles Barthe and Juan Manuel Crespo and César Kunz},
  title   = {Product programs and relational program logics},
  journal = {Journal of Logical and Algebraic Methods in Programming},
  year    = {2016},
  volume  = {85},
  number  = {5, Part 2},
  pages   = {847 - 859},
  note    = {Articles dedicated to Prof. J. N. Oliveira on the occasion of his 60th birthday},
  issn    = {2352-2208},
  doi     = {https://doi.org/10.1016/j.jlamp.2016.05.004},
  url     = {http://www.sciencedirect.com/science/article/pii/S235222081630044X},
}

@Comment{jabref-meta: databaseType:biblatex;}
